@article{nom2023,
    author = {Nom de l'auteur},
    title = {Titre de l'article},
    journal = {Nom du journal},
    year = {2023},
    volume = {1},
    pages = {1-10},
}

@article{article1,
    author = {Auteur A.},
    title = {Titre de l'article},
    journal = {Nom du Journal},
    year = {2023},
    volume = {10},
    pages = {1-10},
}

@book{book1,
    author = {Auteur B.},
    title = {Titre du Livre},
    year = {2022},
    publisher = {Ã‰diteur C.},
}

