%! Author = sosan
%! Date = 2025-03-24

@article{sancho2019epidemiologie,
  title={{\'E}pid{\'e}miologie des cancers du sein},
  author={Sancho-Garnier, H{\'e}l{\`e}ne and Colonna, Marc},
  journal={La Presse M{\'e}dicale},
  volume={48},
  number={10},
  pages={1076--1084},
  year={2019},
  publisher={Elsevier}
}

@phdthesis{soltani2025detection,
  title={D{\'e}tection du Cancer du Sein et Classification par une Approche intelligente},
  author={Soltani, Hama},
  year={2025},
  school={Universit{\'e} Echahid Cheikh Larbi-Tebessi-T{\'e}bessa}
}

@article{frikha2021aperccu,
  title={Un aper{\c{c}}u des facteurs de risque du cancer du sein},
  author={Frikha, Nadia and Chlif, Mehdi},
  journal={Bulletin de l'Acad{\'e}mie Nationale de M{\'e}decine},
  volume={205},
  number={5},
  pages={519--527},
  year={2021},
  publisher={Elsevier}
}

@inproceedings{mayouf2021preparation,
  title={Pr{\'e}paration efficace des donn{\'e}es d'apprentissage. Application {\`a} la classification d'images pour la d{\'e}tection du cancer du sein},
  author={Mayouf, Mouna Sabrine and de Saint-Cyr, Florence Dupin},
  booktitle={Conf{\'e}rence sur l'Apprentissage Automatique (CAp 2021)},
  pages={paper--48},
  year={2021}
}

@article{al2020dataset,
  title={Dataset of breast ultrasound images},
  author={Al-Dhabyani, Walid and Gomaa, Mohammed and Khaled, Hazem and Fahmy, Aly},
  journal={Data in Brief},
  volume={28},
  pages={104863},
  year={2020},
  month={feb},
  doi={10.1016/j.dib.2019.104863}
}

 @misc{ frwiki:224482682,
   author = "Wikipédia",
   title = "Courbe ROC --- Wikipédia{,} l'encyclopédie libre",
   year = "2025",
   url = "http://fr.wikipedia.org/w/index.php?title=Courbe_ROC&oldid=224482682",
   note = "[En ligne; Page disponible le 2-avril-2025]"
 }

@article{narkhede2018understanding,
  title={Understanding auc-roc curve},
  author={Narkhede, Sarang},
  journal={Towards data science},
  volume={26},
  number={1},
  pages={220--227},
  year={2018}
}