@article{al2020dataset,
  title={Dataset of breast ultrasound images},
  author={Al-Dhabyani, Walid and Gomaa, Mohammed and Khaled, Hussien and Fahmy, Aly},
  journal={Data in brief},
  volume={28},
  pages={104863},
  year={2020},
  publisher={Elsevier}
}